<?xml version="1.0" encoding="UTF-8"?><collection><record><leader>06033ntm a2200505 a 4500</leader><controlfield tag="001">006837458</controlfield><controlfield tag="003">MiAaHDL</controlfield><controlfield tag="005">20190719000000.0</controlfield><controlfield tag="006">m        d        </controlfield><controlfield tag="007">cr bn ---auaua</controlfield><controlfield tag="008">090709q16801720xx            00| ||per d</controlfield><datafield tag="035" ind1=" " ind2=" "><subfield code="a">(MiU)006837458</subfield></datafield><datafield tag="035" ind1=" " ind2=" "><subfield code="a">sdr-miu006837458</subfield></datafield><datafield tag="040" ind1=" " ind2=" "><subfield code="a">MiU</subfield><subfield code="c">MiU</subfield><subfield code="e">amremm</subfield></datafield><datafield tag="043" ind1=" " ind2=" "><subfield code="a">n-us-mi</subfield><subfield code="a">a-ir---</subfield><subfield code="a">a-ii---</subfield></datafield><datafield tag="245" ind1="0" ind2="0"><subfield code="6">880-03</subfield><subfield code="a">[Majmūʻah,</subfield><subfield code="f">late 17th or early 18th century?].</subfield></datafield><datafield tag="246" ind1="3" ind2=" "><subfield code="a">بياض</subfield></datafield><datafield tag="260" ind1=" " ind2=" "><subfield code="c">[1680-1720?].</subfield></datafield><datafield tag="300" ind1=" " ind2=" "><subfield code="a">552 leaves :</subfield><subfield code="b">paper ;</subfield><subfield code="c">280 x 185 (195 x 100) mm.</subfield></datafield><datafield tag="500" ind1=" " ind2=" "><subfield code="a">Shelfmark: Ann Arbor, University of Michigan, Special Collections Library, Isl. Ms. 884</subfield></datafield><datafield tag="500" ind1=" " ind2=" "><subfield code="a">Origin: Lacks dated colophon ; dated seal impression can provide only rough terminus ante quem ; likely late 17th or early 18th century.</subfield></datafield><datafield tag="500" ind1=" " ind2=" "><subfield code="a">Accompanying materials: a. Card with notes in pencil, "no. 16? generating figures at end | note on this made by E. Savage- Smith" -- b. Slip with note "Persian MSS (Heyworth-Dunne?) No Husselman or Meredith-Owens notes" -- c. Slip with notes in ink affixed to verso of front flyleaf "14 (16) A Persian Bayaz in prose &amp; verse big thick volume. The list of contents enumerates about 111 names some of which items are very famous &amp; rare. Clear nastalik, red &amp; black ink, binding broken. No date early 18th century. This Bayaz belonged to a nawab Yakub Khan who has made an entry of his illness under the date 1131 A.H. Some of the contents are (1) Risala sihat wa mardh (2) Mathnavi Haji Muhammed Rasai (3) Poems of Ali Razai Tajalli Shirazi (4) complete Rubaiyyat Omar Khayyam (5) Sozogudaz Noi (6) Mahmud ayaz Anis Shamlu (7) Mir Walihi an Aka Beg (8) Rubaiyyat Wahib (9) Poems of Mirza Badia (10) Anji's poems (10) Rubaiyyats of Adham (11) of Yahya (12) of Wirki Kummi (13) of Sufi (14) Poems of Abu Turab"</subfield></datafield><datafield tag="500" ind1=" " ind2=" "><subfield code="a">Former shelfmark: Mich. Isl. Ms. temp. no. 33 ; "No (16)" on opening added leaf p.3, etc.</subfield></datafield><datafield tag="500" ind1=" " ind2=" "><subfield code="a">Binding: Pasteboards covered in dark brown leather ; Type III binding (without flap) ; doublures in dark red leather ; sewn in heavy cream thread, two stations, many threads broken leaving loose gatherings ; in quite poor condition with significant shrinkage, cracking and losses of leather in upper and lower covers (now extremely ill-fitting), spine lining fully exposed, cloth hinges damaged, etc. ; housed in box for protection.</subfield></datafield><datafield tag="500" ind1=" " ind2=" "><subfield code="a">Support: non-European (likely Indian or Persian) laid paper, mainly with roughly 8-9 laid lines per cm. (vertical, fairly distinct, slight curving) and occasional chain lines visible, sturdy though thin and transluscent, burnished, some leaves beige or dusky pink in color.</subfield></datafield><datafield tag="500" ind1=" " ind2=" "><subfield code="a">Decoration: Headings and keywords rubricated ; textual dividers in the form of red hāʼ.</subfield></datafield><datafield tag="500" ind1=" " ind2=" "><subfield code="a">Script: Nastaʻlīq ; clear, careful hand in a medium line ; serifless with slight effect of words descending to baseline, elongation and contrasting thickness of horizontal strokes, pointing mainly in distinct dots.</subfield></datafield><datafield tag="500" ind1=" " ind2=" "><subfield code="a">Layout: Varies widely, though lines typically arranged on the diagonal, in 12-18 lines per page ; often divided to two or three columns to set off poetry.</subfield></datafield><datafield tag="500" ind1=" " ind2=" "><subfield code="a">Collation: vi, 3, IV (8), V+1 (19), 2 II (27), 60 IV(507), IV+1 (516), 2 IV(532), III (538), IV (546), III (552), vi ; almost exclusively quaternions ; middle of the quire marks in the form of strokes or cross in red ink, upper outer corner of right-hand leaf, lower-outer corner of left-hand leaf ; catchwords present ; some leaves between sections left blank ; pagination in pencil, Western numerals, supplied during digitization (includes flyleaves and mistakenly skips two pages between pp.773-774).</subfield></datafield><datafield tag="500" ind1=" " ind2=" "><subfield code="a">Incipit: "خطبه بیاض من منشآت رموزان دقایق سخندانی نصیرای همدانی بیت المعمور سپاس آلهی ازان با یه برتر است ..."</subfield></datafield><datafield tag="500" ind1=" " ind2=" "><subfield code="a">Title supplied by cataloguer.</subfield></datafield><datafield tag="500" ind1=" " ind2=" "><subfield code="a">Ms. codex.</subfield></datafield><datafield tag="510" ind1="4" ind2=" "><subfield code="a">Cat. Pers. Mss. Brit. Mus.,</subfield><subfield code="c">pp.743, 1093</subfield></datafield><datafield tag="520" ind1="8" ind2=" "><subfield code="a">Careful copy of a vast majmūʻah of prose (inshāʼ) and verse, including copies of several letters (maktūb) from Shāh Jahān (r.1628-57), Shāh ʻAbbās II (r.1642–1666), etc., with detailed contents listing added at opening (pp.15-18). Opens with excerpts from the munshiʼāt of Naṣīrā-yi Hamadānī ( خواجه نصیرالدین محمد یزدگری همدانی هندی). Contributions to the cataloguing from Kathryn Babayan and Abdullah Ghouchani.</subfield></datafield><datafield tag="538" ind1=" " ind2=" "><subfield code="a">Mode of access: Internet.</subfield></datafield><datafield tag="541" ind1=" " ind2=" "><subfield code="c">Gift ;</subfield><subfield code="a">Acquired from Frank E. Nuttall (1875-1943).</subfield></datafield><datafield tag="546" ind1=" " ind2=" "><subfield code="a">Persian.</subfield></datafield><datafield tag="561" ind1=" " ind2=" "><subfield code="a">Book price and inventory marks on opening added leaf (p.3) ; numerous poetic excerpts and former owners' inscriptions at opening and close of codex, as well as between sections of the majmūʻah, including two statements on p.14 dated 1173 [1759 or 60] and 1174 [1760 or 61] respectively ; small rectangular seal impression in name of one Sharaf al-Dīn (شرف الدين) appears in outer margin of p.393 ; oval seal impression with "محمد حسين ..." dated 1104 [1692 or 3] appears regularly in the upper outer margin of the right-hand leaf, typically just before or after the middle of the quire (see p.574, 586, 706, 828, 973, etc.) ; smaller oval seal impression seemingly dated 1095 [1683 or 4] appears in lower outer corner or upper outer corner of several leaves (see p.213, 267, 271, 452 etc.).</subfield></datafield><datafield tag="650" ind1=" " ind2="0"><subfield code="a">Manuscripts, Persian</subfield><subfield code="z">Michigan</subfield><subfield code="z">Ann Arbor.</subfield></datafield><datafield tag="650" ind1=" " ind2="0"><subfield code="a">Persian literature.</subfield></datafield><datafield tag="650" ind1=" " ind2="0"><subfield code="a">Letter writing, Persian</subfield><subfield code="y">17th century.</subfield></datafield><datafield tag="651" ind1=" " ind2="0"><subfield code="a">Iran</subfield><subfield code="x">History</subfield><subfield code="y">Ṣafavid dynasty, 1501-1736</subfield><subfield code="v">Sources.</subfield></datafield><datafield tag="651" ind1=" " ind2="0"><subfield code="a">Mogul Empire</subfield><subfield code="x">History</subfield><subfield code="v">Sources.</subfield></datafield><datafield tag="773" ind1="0" ind2=" "><subfield code="a">F. E. Nuttall Collection.</subfield></datafield><datafield tag="880" ind1="0" ind2="0"><subfield code="6">245-03/</subfield><subfield code="a">[مجموعه,</subfield><subfield code="f">پایان قرن 17م یا آغاز قرن 18م؟].</subfield></datafield><datafield tag="CID" ind1=" " ind2=" "><subfield code="a">006837458</subfield></datafield><datafield tag="DAT" ind1="0" ind2=" "><subfield code="a">20190719102641.0</subfield><subfield code="b">20190719000000.0</subfield></datafield><datafield tag="DAT" ind1="1" ind2=" "><subfield code="a">20190719090653.0</subfield><subfield code="b">2019-07-19T16:12:32Z</subfield></datafield><datafield tag="DAT" ind1="2" ind2=" "><subfield code="a">2015-10-02T18:00:03Z</subfield></datafield><datafield tag="CAT" ind1=" " ind2=" "><subfield code="a">SDR-MIU</subfield><subfield code="d">EX LIBRIS - ALEPH</subfield><subfield code="l">prepare.pl-004-008</subfield></datafield><datafield tag="FMT" ind1=" " ind2=" "><subfield code="a">BK</subfield></datafield><datafield tag="HOL" ind1=" " ind2=" "><subfield code="0">sdr-miu006837458</subfield><subfield code="a">MiU</subfield><subfield code="b">SDR</subfield><subfield code="c">MIU</subfield><subfield code="p">mdp.39015079132612</subfield><subfield code="s">MIU</subfield><subfield code="1">006837458</subfield></datafield><datafield tag="974" ind1=" " ind2=" "><subfield code="b">MIU</subfield><subfield code="c">MIU</subfield><subfield code="d">20190719</subfield><subfield code="s">lit-dlps-dc</subfield><subfield code="u">mdp.39015079132612</subfield><subfield code="y">1720</subfield><subfield code="r">pd</subfield><subfield code="q">bib</subfield><subfield code="t">non-US bib date2 &lt; 1896</subfield></datafield></record></collection>